%%common datasets
@inproceedings{COCO,
  author    = {Tsung{-}Yi Lin and
               Michael Maire and
               Serge Belongie and
               James Hays and
               Pietro Perona and
               Deva Ramanan and
               Piotr Doll{\'{a}}r and
               C. Lawrence Zitnick},
  title     = {Microsoft {COCO:} Common Objects in Context},
  booktitle = {ECCV},
  pages     = {740--755},
  year      = {2014}
}

@inproceedings{SUN,
  author    = {Jianxiong Xiao and
               James Hays and
               Krista Ehinger and
               Aude Oliva and
               Antonio Torralba},
  title     = {{SUN} database: Large-scale scene recognition from abbey to zoo},
  booktitle = {CVPR},
  pages     = {3485--3492},
  year      = {2010},
}

@inproceedings{Places,
  author    = {Bolei Zhou and
               {\`{A}}gata Lapedriza and
               Jianxiong Xiao and
               Antonio Torralba and
               Aude Oliva},
  title     = {Learning Deep Features for Scene Recognition using Places Database},
  booktitle = {NIPS},
  pages     = {487--495},
  year      = {2014}
}

@inproceedings{EmotionRecognition,
  author    = {Quanzeng You and
               Jiebo Luo and
               Hailin Jin and
               Jianchao Yang},
  title     = {Building a Large Scale Dataset for Image Emotion Recognition: The
               Fine Print and The Benchmark},
  booktitle = {AAAI},
  pages     = {308--314},
  year      = {2016}
}

@inproceedings{Imagenet,
  author    = {Jia Deng and
               Wei Dong and
               Richard Socher and
               Li{-}Jia Li and
               Kai Li and
               Fei{-}Fei Li},
  title     = {ImageNet: {A} large-scale hierarchical image database},
  booktitle = {CVPR},
  pages     = {248--255},
  year      = {2009}
}


@article{genome,
  author    = {E. Drori and
               D. Levy and
               P. Smirin{-}Yosef and
               O. Rahimi and
               M. Salmon{-}Divon},
  title     = {CircosVCF: circos visualization of whole-genome sequence variations stored in {VCF} files},
  journal   = {Bioinformatics},
  volume    = {33},
  number    = {9},
  pages     = {1392--1393},
  year      = {2017}
}

@article{PASCALVOC,
  author    = {Mark Everingham and
               Luc Van Gool and
               Christopher Williams and
               John Winn and
               Andrew Zisserman},
  title     = {The Pascal Visual Object Classes {(VOC)} Challenge},
  journal   = {IJCV},
  volume    = {88},
  number    = {2},
  pages     = {303--338},
  year      = {2010}
}


@inproceedings{WIDERFACE,
  author    = {Shuo Yang and
               Ping Luo and
               Chen Change Loy and
               Xiaoou Tang},
  title     = {{WIDER} {FACE:} {A} Face Detection Benchmark},
  booktitle = {CVPR},
  pages     = {5525--5533},
  year      = {2016}
}


@inproceedings{LHIICCV,
  title={An empirical study of object category recognition: Sequential testing with generalized samples},
  author={Lin, Liang and Peng, Shaowu and Porway, Jake and Zhu, Song-Chun and Wang, Yongtian},
  booktitle={ICCV},
  pages={1--8},
  year={2007},
}

@inproceedings{LHI_CVPR,
  author    = {Benjamin Yao and Xiong Yang and Song-Chun Zhu},
  title     = {Introduction to a Large-Scale General Purpose Ground Truth Database:
               Methodology, Annotation Tool and Benchmarks},
  booktitle = {EMMCVPR 2007},
  pages     = {169--183},
  year      = {2007},
}

%%% remote sensing dataset

@article{earthvisonba,
  title={Earth Observation Image Semantic Bias: A Collaborative User Annotation Approach},
  author={de Oca, Ambar-Montes and Bahmanyar, Reza and Nistor, Nicolae and Datcu, Mihai},
  journal={IEEE J. of Selected Topics in Applied Earth Observations and Remote Sensing},
  year={2017},
}

@article{AID,
  author    = {Gui{-}Song Xia and
               Jingwen Hu and
               Fan Hu and
               Baoguang Shi and
               Xiang Bai and
               Yanfei Zhong and
               Liangpei Zhang and
               Xiaoqiang Lu},
  title     = {{AID:} {A} Benchmark Data Set for Performance Evaluation of Aerial
               Scene Classification},        
  journal   = {{IEEE} Trans. Geosci. Remote Sens.},
  volume    = {55},
  number    = {7},
  pages     = {3965--3981},
  year      = {2017}
}

@inproceedings{DBLP:conf/igarss/HuJTXZ15,
  author    = {Jingwen Hu and
               Tianbi Jiang and
               Xinyi Tong and
               Gui{-}Song Xia and
               Liangpei Zhang},
  title     = {A benchmark for scene classification of high spatial resolution remote
               sensing imagery},
  booktitle = {IGARSS},
  pages     = {5003--5006},
  year      = {2015}
}

@article{DLR3KMunichVehicle,
  author    = {Kang Liu and
               Gell{\'{e}}rt M{\'{a}}ttyus},
  title     = {Fast Multiclass Vehicle Detection on Aerial Images},
  journal   = {{IEEE} Geosci. Remote Sensing Lett.},
  volume    = {12},
  number    = {9},
  pages     = {1938--1942},
  year      = {2015},
}

@inproceedings{COWC,
  author    = {T. Nathan Mundhenk and
               Goran Konjevod and
               Wesam A. Sakla and
               Kofi Boakye},
  title     = {A Large Contextual Dataset for Classification, Detection and Counting
               of Cars with Deep Learning},
  booktitle = {ECCV},
  pages     = {785--800},
  year      = {2016}
}


@inproceedings{OIRDS,
  title={Overhead Imagery Research Data Setâ€”an annotated data library \& tools to aid in the development of computer vision algorithms},
  author={Tanner, Franklin and Colder, Brian and Pullen, Craig and Heagy, David and Eppolito, Michael and Carlan, Veronica and Oertel, Carsten and Sallee, Phil},
  booktitle={Applied Imagery Pattern Recognition Workshop (AIPRW)},
  pages={1--8},
  year={2009}
}

@inproceedings{TAS,
  author    = {Geremy Heitz and
               Daphne Koller},
  title     = {Learning Spatial Context: Using Stuff to Find Things},
  booktitle = {ECCV},
  pages     = {30--43},
  year      = {2008}
}

@article{cheng2014multi,
  title={Multi-class geospatial object detection and geographic image classification based on collection of part detectors},
  author={Cheng, Gong and Han, Junwei and Zhou, Peicheng and Guo, Lei},
  journal={ISPRS Journal of Photogrammetry and Remote Sensing},
  volume={98},
  pages={119--132},
  year={2014},
}

%% rotated annotation
@article{HRSC2016,
  author    = {Zikun Liu and
               Hongzhen Wang and
               Lubin Weng and
               Yiping Yang},
  title     = {Ship Rotated Bounding Box Space for Ship Extraction From High-Resolution
               Optical Satellite Images With Complex Backgrounds},
  journal   = {{IEEE} Geosci. Remote Sensing Lett.},
  volume    = {13},
  number    = {8},
  pages     = {1074--1078},
  year      = {2016}
}

@inproceedings{ucas-aod,
  author    = {Haigang Zhu and
               Xiaogang Chen and
               Weiqun Dai and
               Kun Fu and
               Qixiang Ye and
               Jianbin Jiao},
  title     = {Orientation robust object detection in aerial images using deep convolutional
               neural network},
  booktitle = {ICIP},
  pages     = {3735--3739},
  year      = {2015}
}

@article{liu2016ship,
  title={Ship rotated bounding box space for ship extraction from high-resolution optical satellite images with complex backgrounds},
  author={Liu, Zikun and Wang, Hongzhen and Weng, Lubin and Yang, Yiping},
  journal={IEEE Geosci. Remote Sensing Lett.},
  volume={13},
  number={8},
  pages={1074--1078},
  year={2016},
}

@article{VEDAI,
  title={Vehicle detection in aerial imagery: A small target detection benchmark},
  author={Razakarivony, Sebastien and Jurie, Frederic},
  journal={J Vis. Commun. Image R.},
  volume={34},
  pages={187--203},
  year={2016},
}

@article{SZTAKI-INRIA,
  author    = {Csaba Benedek and
               Xavier Descombes and
               Josiane Zerubia},
  title     = {Building Development Monitoring in Multitemporal Remotely Sensed Image
               Pairs with Stochastic Birth-Death Dynamics},
  journal   = {{IEEE} TPAMI},
  volume    = {34},
  number    = {1},
  pages     = {33--50},
  year      = {2012}
}

%% Text detetcion
@article{yao2013rotation,
  title={Rotation-invariant features for multi-oriented text detection in natural images},
  author={Yao, Cong and Zhang, Xin and Bai, Xiang and Liu, Wenyu and Ma, Yi and Tu, Zhuowen},
  journal={PloS one},
  volume={8},
  number={8},
  pages={e70173},
  year={2013},
  publisher={Public Library of Science}
}

%% detection method
@article{FasterR-CNN,
  author    = {Shaoqing Ren and
               Kaiming He and
               Ross B. Girshick and
               Jian Sun},
  title     = {Faster {R-CNN:} Towards Real-Time Object Detection with Region Proposal
               Networks},
  journal   = {{IEEE} TPAMI},
  volume    = {39},
  number    = {6},
  pages     = {1137--1149},
  year      = {2017}
}

@inproceedings{R-FCN,
  author    = {Jifeng Dai and
               Yi Li and
               Kaiming He and
               Jian Sun},
  title     = {{R-FCN:} Object Detection via Region-based Fully Convolutional Networks},
  booktitle = {NIPS},
  pages     = {379--387},
  year      = {2016}
}

@inproceedings{SSD,
  author    = {Wei Liu and
               Dragomir Anguelov and
               Dumitru Erhan and
               Christian Szegedy and
               Scott E. Reed and
               Cheng{-}Yang Fu and
               Alexander C. Berg},
  title     = {{SSD:} Single Shot MultiBox Detector},
  booktitle = { ECCV},
  pages     = {21--37},
  year      = {2016}
}

@article{huang2016speed,
  title={Speed/accuracy trade-offs for modern convolutional object detectors},
  author={Huang, Jonathan and Rathod, Vivek and Sun, Chen and Zhu, Menglong and Korattikara, Anoop and Fathi, Alireza and Fischer, Ian and Wojna, Zbigniew and Song, Yang and Guadarrama, Sergio and others},
  journal={arXiv preprint arXiv:1611.10012},
  year={2016}
}

@article{fu2017dssd,
  title={DSSD: Deconvolutional Single Shot Detector},
  author={Fu, Cheng-Yang and Liu, Wei and Ranga, Ananth and Tyagi, Ambrish and Berg, Alexander C},
  journal={arXiv preprint arXiv:1701.06659},
  year={2017}
}

@article{VHR,
  author    = {Gong Cheng and
               Peicheng Zhou and
               Junwei Han},
  title     = {Learning Rotation-Invariant Convolutional Neural Networks for Object
               Detection in {VHR} Optical Remote Sensing Images},
  journal   = {{IEEE} Trans. Geosci. Remote Sens.},
  volume    = {54},
  number    = {12},
  pages     = {7405--7415},
  year      = {2016}
}

@article{yolo9000,
  author    = {Joseph Redmon and
               Ali Farhadi},
  title     = {{YOLO9000:} Better, Faster, Stronger},
  journal   = {CoRR},
  volume    = {abs/1612.08242},
  year      = {2016}
}

@article{DBLP:journals/pami/OuyangZWQLTLYWL17,
  author    = {Wanli Ouyang and
               Xingyu Zeng and
               Xiaogang Wang and
               Shi Qiu and
               Ping Luo and
               Yonglong Tian and
               Hongsheng Li and
               Shuo Yang and
               Zhe Wang and
               Hongyang Li and
               Kun Wang and
               Junjie Yan and
               Chen Change Loy and
               Xiaoou Tang},
  title     = {DeepID-Net: Object Detection with Deformable Part Based Convolutional
               Neural Networks},
  journal   = {{IEEE} TPAMI},
  volume    = {39},
  number    = {7},
  pages     = {1320--1334},
  year      = {2017}
}

@article{DBLP:journals/corr/HuR16,
  author    = {Peiyun Hu and
               Deva Ramanan},
  title     = {Finding Tiny Faces},
  journal   = {CoRR},
  volume    = {abs/1612.04402},
  year      = {2016}
}

%%% others
@inproceedings{torralba2011unbiased,
  title={Unbiased look at dataset bias},
  author={Torralba, Antonio and Efros, Alexei A},
  booktitle={CVPR},
  pages={1521--1528},
  year={2011}
}

@inproceedings{VisualGenome,
  title={Visual Genome: Connecting Language and Vision Using Crowdsourced Dense Image Annotations},
  author={Krishna, Ranjay and Zhu, Yuke and Groth, Oliver and Johnson, Justin and Hata, Kenji and Kravitz, Joshua and Chen, Stephanie and Kalantidis, Yannis and Li, Li-Jia and Shamma, David A and Bernstein, Michael and Fei-Fei, Li},
  year = {2016}
}

@article{boundingboxannotation,
  title={Visual genome: Connecting language and vision using crowdsourced dense image annotations},
  author={Krishna, Ranjay and Zhu, Yuke and Groth, Oliver and Johnson, Justin and Hata, Kenji and Kravitz, Joshua and Chen, Stephanie and Kalantidis, Yannis and Li, Li-Jia and Shamma, David A and others},
  journal={IJCV},
  volume={123},
  number={1},
  pages={32--73},
  year={2017},
}

%% algorithms
@article{building1,
  author    = {Ali {\"{O}}zg{\"{u}}n Ok and
               {\c{C}}aglar Senaras and
               Baris Y{\"{u}}ksel},
  title     = {Automated Detection of Arbitrarily Shaped Buildings in Complex Environments
               From Monocular {VHR} Optical Satellite Imagery},
  journal   = {{IEEE} Trans. Geosci. and Remote Sens.},
  volume    = {51},
  number    = {3-2},
  pages     = {1701--1717},
  year      = {2013},
}

@article{LHI_method,
  author    = {Jake Porway and
               Qiongchen Wang and
               Song Chun Zhu},
  title     = {A Hierarchical and Contextual Model for Aerial Image Parsing},
  journal   = {IJCV},
  volume    = {88},
  number    = {2},
  pages     = {254--283},
  year      = {2010},
}


%% rotation-invariant
@inproceedings{roatation-invariant-cvpr,
  title={Rifd-cnn: Rotation-invariant and fisher discriminative convolutional neural networks for object detection},
  author={Cheng, Gong and Zhou, Peicheng and Han, Junwei},
  booktitle={CVPR},
  pages={2884--2893},
  year={2016}
}

@article{rotation-invariant-radial-gradient,
  title={Rotation-invariant object detection in remote sensing images based on radial-gradient angle},
  author={Lin, Yudong and He, Hongjie and Yin, Zhongke and Chen, Fan},
  journal={IEEE Geosci.Remote Sensing Lett.},
  volume={12},
  number={4},
  pages={746--750},
  year={2015},
}

@article{rotation-invariant,
  title={Feature Extraction by Rotation-Invariant Matrix Representation for Object Detection in Aerial Image},
  author={Wang, Guoli and Wang, Xinchao and Fan, Bin and Pan, Chunhong},
  journal={IEEE Geosci.Remote Sensing Lett.},
  year={2017},
  publisher={IEEE}
}

%% plane
@article{plane_weakly_deeplearning,
  title={Weakly supervised learning based on coupled convolutional neural networks for aircraft detection},
  author={Zhang, Fan and Du, Bo and Zhang, Liangpei and Xu, Miaozhong},
  journal={IEEE Trans. Geosci. Remote Sens.},
  volume={54},
  number={9},
  pages={5553--5563},
  year={2016},
  publisher={IEEE}
}

@article{wan2017affine,
  title={Affine Invariant Description and Large-Margin Dimensionality Reduction for Target Detection in Optical Remote Sensing Images},
  author={Wan, Lihong and Zheng, Laiwen and Huo, Hong and Fang, Tao},
  journal={IEEE Geosci. Remote Sensing Lett.},
  year={2017},
  publisher={IEEE}
}

%% ship
@article{ship_SVD,
  title={Ship detection in spaceborne optical image with SVD networks},
  author={Zou, Zhengxia and Shi, Zhenwei},
  journal={IEEE Trans. Geosci. Remote Sens.},
  volume={54},
  number={10},
  pages={5832--5845},
  year={2016},
  publisher={IEEE}
}

%% vehicle,svm, hog feature
@article{Detect_car_in_uav,
  title={Detecting cars in UAV images with a catalog-based approach},
  author={Moranduzzo, Thomas and Melgani, Farid},
  journal={IEEE Trans. Geosci. Remote Sens.},
  volume={52},
  number={10},
  pages={6356--6367},
  year={2014},
  publisher={IEEE}
}


@article{long2017accurate,
  title={Accurate Object Localization in Remote Sensing Images Based on Convolutional Neural Networks},
  author={Long, Yang and Gong, Yiping and Xiao, Zhifeng and Liu, Qing},
  journal={IEEE Trans. Geosci. Remote Sens.},
  volume={55},
  number={5},
  pages={2486--2498},
  year={2017},
  publisher={IEEE}
}

@article{extremeclicking,
  author    = {Dim P. Papadopoulos and
               Jasper R. R. Uijlings and
               Frank Keller and
               Vittorio Ferrari},
  title     = {Extreme clicking for efficient object annotation},
  journal   = {CoRR},
  volume    = {abs/1708.02750},
  year      = {2017}
}




@inproceedings{buiding_detction_deeplearning1,
  author    = {Maria Vakalopoulou and
               Konstantinos Karantzalos and
               Nikos Komodakis and
               Nikos Paragios},
  title     = {Building detection in very high resolution multispectral data with
               deep learning features},
  booktitle = {IGARSS},
  pages     = {1873--1876},
  year      = {2015},
}


%%% networks
@inproceedings{Googlenet,
author={C. Szegedy and Wei Liu and Yangqing Jia and P. Sermanet and S. Reed and D. Anguelov and D. Erhan and V. Vanhoucke and A. Rabinovich}, 
booktitle={CVPR}, 
title={Going deeper with convolutions}, 
year={2015}, 
volume={}, 
number={}, 
pages={1-9}, 
}

@article{inception_v2,
  author    = {Sergey Ioffe and
               Christian Szegedy},
  title     = {Batch Normalization: Accelerating Deep Network Training by Reducing Internal Covariate Shift},
  journal   = {CoRR},
  volume    = {abs/1502.03167},
  year      = {2015},
  url       = {http://arxiv.org/abs/1502.03167},
  archivePrefix = {arXiv},
  eprint    = {1502.03167},
}

@article{vgg,
  author    = {Karen Simonyan and
               Andrew Zisserman},
  title     = {Very Deep Convolutional Networks for Large-Scale Image Recognition},
  journal   = {CoRR},
  volume    = {abs/1409.1556},
  year      = {2014},
}


@InProceedings{resnet,
author = {He, Kaiming and Zhang, Xiangyu and Ren, Shaoqing and Sun, Jian},
title = {Deep Residual Learning for Image Recognition},
booktitle = {CVPR},
month = {June},
year = {2016}
}

@inproceedings{ICDAR2013,
  title     = {{ICDAR} 2013 Robust Reading Competition},
  author    = {Dimosthenis Karatzas and
               Faisal Shafait and
               Seiichi Uchida and
               Masakazu Iwamura and
               Lluis Gomez i Bigorda and
               Sergi Robles Mestre and
               Joan Mas and
               David Fern{\'{a}}ndez Mota and
               Jon Almaz{\'{a}}n and
               Llu{\'{\i}}s{-}Pere de las Heras},
  booktitle = {ICDAR},
  year      = {2013}
}

@inproceedings{MSRA,
  author    = {Cong Yao and
               Xiang Bai and
               Wenyu Liu and
               Yi Ma and
               Zhuowen Tu},
  title     = {Detecting texts of arbitrary orientations in natural images},
  booktitle = {CVPR},
  year      = {2012}
}


@inproceedings{SynthText,
  author    = {Ankush Gupta and
               Andrea Vedaldi and
               Andrew Zisserman},
  title     = {Synthetic Data for Text Localisation in Natural Images},
  booktitle = {CVPR},
  year      = {2016}
}

@inproceedings{icdar15,
  author    = {Dimosthenis Karatzas and
               Lluis Gomez{-}Bigorda and
               Anguelos Nicolaou and
               Suman K. Ghosh and
               Andrew D. Bagdanov and
               Masakazu Iwamura and
               Jiri Matas and
               Lukas Neumann and
               Vijay Ramaseshan Chandrasekhar and
               Shijian Lu and
               Faisal Shafait and
               Seiichi Uchida and
               Ernest Valveny},
  title     = {{ICDAR} 2015 competition on Robust Reading},
  booktitle = {Proc. ICDAR},
  year      = {2015}
}

@misc{gsd,
   author = {wiki},
   title = {gsd},
   howpublished = {\url{https://en.wikipedia.org/wiki/Ground_sample_distance}}
}



